@ARTICLE{tan2008,
author={Tan, V.Y.F. and Goyal, V.K.},
journal={Signal Processing, IEEE Transactions on},
title={Estimating Signals With Finite Rate of Innovation From Noisy Samples: A Stochastic Algorithm},
year={2008},
month={Oct},
volume={56},
number={10},
pages={5135-5146},
keywords={Gaussian processes;Markov processes;Monte Carlo methods;estimation theory;sampling methods;signal reconstruction;Gibbs sampling;Markov chain Monte Carlo method;infinite-support Gaussian kernel;innovation rate;noisy sample;signal estimation;signal reconstruction;stochastic algorithm;Analog-to-digital conversion;Gibbs sampling;Markov chain Monte Carlo;Sampling;sampling},
doi={10.1109/TSP.2008.928510},
ISSN={1053-587X},}

@book{moller2004,
  title={Statistical inference and simulation for spatial point processes},
  author={Moller, Jesper and Waagepetersen, Rasmus Plenge},
  year={2004},
  publisher={CRC Press}
}

@inproceedings{pnevmatikakis2013bayesian,
  title={Bayesian spike inference from calcium imaging data},
  author={Pnevmatikakis, Eftychios A and Merel, Josh and Pakman, Ari and Paninski, Liam},
  booktitle={Signals, Systems and Computers, 2013 Asilomar Conference on},
  pages={349--353},
  year={2013},
  organization={IEEE}
}

@article{chib1994bayes,
  title={Bayes inference in regression models with ARMA (p, q) errors},
  author={Chib, Siddhartha and Greenberg, Edward},
  journal={Journal of Econometrics},
  volume={64},
  number={1},
  pages={183--206},
  year={1994},
  publisher={Elsevier}
}

@article{pernia2012deconvolution,
  title={A deconvolution-based method with high sensitivity and temporal resolution for detection of spontaneous synaptic currents in vitro and in vivo},
  author={Pern{\'\i}a-Andrade, Alejandro Javier and Goswami, Sarit Pati and Stickler, Yvonne and Fr{\"o}be, Ulrich and Schl{\"o}gl, Alois and Jonas, Peter},
  journal={Biophysical journal},
  volume={103},
  number={7},
  pages={1429--1439},
  year={2012},
  publisher={Elsevier}
}

@article{richardson2008measurement,
  title={Measurement and analysis of postsynaptic potentials using a novel voltage-deconvolution method},
  author={Richardson, Magnus JE and Silberberg, Gilad},
  journal={Journal of neurophysiology},
  volume={99},
  number={2},
  pages={1020--1031},
  year={2008},
  publisher={Am Physiological Soc}
}
